@article{baber2006social,
	title={The social roles questionnaire: A new approach to measuring attitudes toward gender},
	author={Baber, Kristine M and Tucker, Corinna Jenkins},
	journal={Sex Roles},
	volume={54},
	number={7-8},
	pages={459--467},
	year={2006},
	publisher={Springer}
}

@article{levy2008expectation,
	title={Expectation-based syntactic comprehension},
	author={Levy, Roger},
	journal={Cognition},
	volume={106},
	number={3},
	pages={1126--1177},
	year={2008},
	publisher={Elsevier}
}

@article{monsell1989effects,
	title={Effects of frequency on visual word recognition tasks: Where are they?},
	author={Monsell, Stephen and Doyle, Michael C and Haggard, Patrick N},
	journal={Journal of Experimental Psychology: General},
	volume={118},
	number={1},
	pages={43},
	year={1989},
	publisher={American Psychological Association}
}

@article{brysbaert2016impact,
	title={The impact of word prevalence on lexical decision times: Evidence from the Dutch Lexicon Project 2.},
	author={Brysbaert, Marc and Stevens, Micha{\"e}l and Mandera, Pawe{\l} and Keuleers, Emmanuel},
	journal={Journal of Experimental Psychology: Human Perception and Performance},
	volume={42},
	number={3},
	pages={441},
	year={2016},
	publisher={American Psychological Association}
}

@inproceedings{casasanto2008does,
	title={Does social information influence sentence processing?},
	author={Casasanto, Laura Staum},
	booktitle={Proceedings of the Annual Meeting of the Cognitive Science Society},
	volume={30},
	number={30},
	year={2008}
}

@article{van2008neural,
	title={The neural integration of speaker and message},
	author={Van Berkum, Jos JA and Van den Brink, Danielle and Tesink, Cathelijne MJY and Kos, Miriam and Hagoort, Peter},
	journal={Journal of cognitive neuroscience},
	volume={20},
	number={4},
	pages={580--591},
	year={2008},
	publisher={MIT Press}
}

@article{yap2008additive,
	title={On the additive effects of stimulus quality and word frequency in lexical decision: evidence for opposing interactive influences revealed by RT distributional analyses.},
	author={Yap, Melvin J and Balota, David A and Tse, Chi-Shing and Besner, Derek},
	journal={Journal of Experimental Psychology: Learning, Memory, and Cognition},
	volume={34},
	number={3},
	pages={495},
	year={2008},
	publisher={American Psychological Association}
}

@inproceedings{monsalve2012lexical,
	title={Lexical surprisal as a general predictor of reading time},
	author={Monsalve, Irene Fernandez and Frank, Stefan L and Vigliocco, Gabriella},
	booktitle={Proceedings of the 13th Conference of the European Chapter of the Association for Computational Linguistics},
	pages={398--408},
	year={2012}
}

@Manual{rstats,
	title = {R: A Language and Environment for Statistical Computing},
	author = {{R Core Team}},
	organization = {R Foundation for Statistical Computing},
	address = {Vienna, Austria},
	year = {2021},
	url = {https://www.R-project.org/},
}

@article{monaghan2017exploring,
	title={Exploring the relations between word frequency, language exposure, and bilingualism in a computational model of reading},
	author={Monaghan, Padraic and Chang, Ya-Ning and Welbourne, Stephen and Brysbaert, Marc},
	journal={Journal of Memory and Language},
	volume={93},
	pages={1--21},
	year={2017},
	publisher={Elsevier}
}

@article{davies2017reading,
	title={Reading through the life span: Individual differences in psycholinguistic effects.},
	author={Davies, Rob AI and Arnell, Ruth and Birchenough, Julia MH and Grimmond, Debbie and Houlson, Sam},
	journal={Journal of Experimental Psychology: Learning, Memory, and Cognition},
	volume={43},
	number={8},
	pages={1298},
	year={2017},
	publisher={American Psychological Association}
}

@other{usdata,
	title={Current Population Survey 2020},
	organization={US Bureau of Labor Statistics},
	year={2020},
	url={https://www.dol.gov/agencies/wb/data/latest-annual-data/working-women#Labor-Force-by-Sex-Race-and-Hispanic-Ethnicity}
}

@Article{lme4,
	title = {Fitting Linear Mixed-Effects Models Using {lme4}},
	author = {Douglas Bates and Martin M{\"a}chler and Ben Bolker and
		Steve Walker},
	journal = {Journal of Statistical Software},
	year = {2015},
	volume = {67},
	number = {1},
	pages = {1--48},
	doi = {10.18637/jss.v067.i01},
}

@other{flightattendants,
	title={Flight Attendants},
	organization={Data USA},
	year={2019},
	url={https://datausa.io/profile/soc/flight-attendants#demographics}
}

@article{von2020implicit,
	title={Implicit gender bias in linguistic descriptions for expected events: The Cases of the 2016 United States and 2017 United Kingdom elections},
	author={von der Malsburg, Titus and Poppels, Till and Levy, Roger P},
	journal={Psychological science},
	volume={31},
	number={2},
	pages={115--128},
	year={2020},
	publisher={SAGE Publications Sage CA: Los Angeles, CA}
}

@article{pozniak2021failures,
	title={Failures of Gricean reasoning and the role of stereotypes in the production of gender marking in French},
	author={Pozniak, C{\'e}line and Burnett, Heather},
	journal={Glossa: a journal of general linguistics},
	volume={6},
	number={1},
	year={2021},
	publisher={Ubiquity Press}
}

@article{wagner2003gender,
	title={Gender in English pronouns: Myth and reality},
	author={Wagner, Susanne},
	journal={University of Freiburg},
	year={2003}
}

@article{sarrasin2012sexism,
	title={Sexism and attitudes toward gender-neutral language},
	author={Sarrasin, Oriane and Gabriel, Ute and Gygax, Pascal},
	journal={Swiss Journal of Psychology},
	year={2012},
	publisher={Verlag Hans Huber}
}