@article{levy2008,
	title = {LEVY MWE},
	author={Levy},
	year={2008},
}